@article{https://doi.org/10.2312/egt.20191035,
  doi = {10.2312/EGT.20191035},
  url = {https://diglib.eg.org/handle/10.2312/egt20191035},
  author = {Koschier, Dan and Bender, Jan and Solenthaler, Barbara and Teschner, Matthias},
  keywords = {Keywords, Physically, based animation, Smoothed Particle Hydrodynamics, fluids, elastic solids, rigid bodies, Computer Graphics [I.3.7], Three Dimensional Graphics and Realism, Animation},
  title = {Smoothed Particle Hydrodynamics Techniques for the Physics Based Simulation of Fluids and Solids},
  journal = {Eurographics 2019 - Tutorials},
  publisher = {The Eurographics Association},
  year = {2019}
}


@inproceedings{:10.2312/SCA03/154-159,
  booktitle = {Symposium on Computer Animation},
  editor = {D. Breen and M. Lin},
  title = {{Particle-Based Fluid Simulation for Interactive Applications}},
  author = {Müller, Matthias and Charypar, David and Gross, Markus},
  year = {2003},
  publisher = {The Eurographics Association},
  ISSN = {1727-5288},
  ISBN = {1-58113-659-5},
  DOI = {/10.2312/SCA03/154-159}
}
        
@article{article,
  author = {Teschner, Matthias and Heidelberger, Bruno and Müller, Matthias and Pomeranets, Danat and Gross, Markus},
  year = {2003},
  month = {12},
  pages = {},
  title = {Optimized Spatial Hashing for Collision Detection of Deformable Objects},
  volume = {3},
  journal = {VMV'03: Proceedings of the Vision, Modeling, Visualization}
}

@misc{MullerHashing,
  author       = {Müller, Matthias},
  title        = {Blazing Fast Neighbor Search with Spatial Hashing},
  howpublished = {Ten Minute Physics Tutorial 11, \url{https://matthias-research.github.io/pages/tenMinutePhysics/11-hashing.pdf}},
  year         = {n.d.},
  note         = {Accessed: 1 May 2025},
}

@book{bridson2015fluid,
  title={Fluid Simulation for Computer Graphics, Second Edition},
  author={Bridson, R.},
  isbn={9781482232837},
  lccn={2015452396},
  url={https://books.google.co.th/books?id=7MySoAEACAAJ},
  year={2015},
  publisher={Taylor \& Francis}
}

@misc{Bindel2011SPHDerive,
  author       = {Bindel, Jonathan R.},
  title        = {Deriving SPH},
  howpublished = {Lecture notes for \emph{Applications of Parallel Computers (CS 5220)}, Cornell University, Fall 2011.},
  url          = {https://www.cs.cornell.edu/~bindel/class/cs5220-f11/code/sph-derive.pdf},
  year         = {2011},
  note         = {Accessed: 10 May 2025},
}
